@inproceedings{Pomerleau2014,
address = {Hong Kong, China},
author = {Pomerleau, Fran{\c{c}}ois and Krusi, Philipp and Colas, Francis and Furgale, Paul and Siegwart, Roland},
booktitle = {2014 IEEE International Conference on Robotics and Automation (ICRA)},
doi = {10.1109/ICRA.2014.6907397},
isbn = {978-1-4799-3685-4},
issn = {10504729},
month = {jun},
pages = {3712--3719},
publisher = {IEEE},
title = {Long-term 3{D} map maintenance in dynamic environments},
url = {http://www.scopus.com/inward/record.url?eid=2-s2.0-84929207776{\&}partnerID=MN8TOARS http://ieeexplore.ieee.org/document/6907397/},
year = {2014}
}

@article{Pomerleau2013,
author = {Pomerleau, Fran{\c{c}}ois and Colas, Francis and Siegwart, Roland and Magnenat, St{\'{e}}phane},
doi = {10.1007/s10514-013-9327-2},
issn = {0929-5593},
journal = {Autonomous Robots},
month = {apr},
number = {3},
pages = {133--148},
title = {Comparing {ICP} variants on real-world data sets},
url = {http://www.scopus.com/inward/record.url?eid=2-s2.0-84877876142{\&}partnerID=MN8TOARS http://link.springer.com/10.1007/s10514-013-9327-2},
volume = {34},
year = {2013}
}

